@book{Corbet:LDD3:2005,
  author    = {Corbet, Jonathan and Rubini, Alessandro and Kroah-Hartman, Greg},
  title     = {Linux Device Drivers (Third Edition)},
  year      = {2005},
  address   = {1005 Gravenstein Highway North, Sebastopol, CA 95472},
  isbn      = {0-596-00590-3},
  publisher = {O'Reilly Media, Inc.},
}
