@book{Russinovich:Win-Internals-p1-6e:2012,
  author    = {Russinovich, Mark and Solomon, David A. and Ionescu, Alex},
  title     = {Windows Internals. Part 1 (Sixth Edition)},
  year      = {2012},
  address   = {Redmond, Washington 98052-6399},
  isbn      = {978-0-7356-4873-9},
  publisher = {Microsoft Press},
}
