@book{simulation-methodology-2012,
  title = {Изучение производительности приложений на вычислительных кластерах с
    помощью компьютерного моделирования. Методология и руководство к
    применению},
  author = {Г.С. Речистов and Д.А. Гаврилов and А.А. Иванов and П.Л. Шишпор
    and Н.Н. Щелкунов and В.М. Пентковский and Е.А. Юлюгин and А.А. Абдухаликов
    and А.В. Павлов and Е.Н. Соболев},
  numpages = {148},
  year = {2012},
  city = {Москва},
  publisher = {Спутник+},
  isbn = {978-5-9973-2215-1},
  language = {russian},
}

@inproceedings{55conf-netsim,
  author = {Е.А.~Юлюгин and Г.С.~Речистов and А.А.~Иванов},
  booktitle = {Труды 55-й научной конференции МФТИ <<Проблемы фундаментальных и
    прикладных естественных и технических наук в современном информационном
    обществе>>},
  city = {Москва--До\-л\-го\-п\-ру\-д\-ный--Жу\-ков\-ский},
  isbn = {978-5-7417-0481-3},
  journal = {Труды 55-й научной конференции МФТИ <<Проблемы фундаментальных и
    прикладных естественных и технических наук в современном информационном
    обществе>>},
  location = {Москва--До\-л\-го\-п\-ру\-д\-ный--Жу\-ков\-ский},
  pages = {81--82},
  title = {Моделирование нагрузки на сетевое оборудование},
  volume = {01},
  year = {2012},
  language = {russian},
}

@article{network-simulation,
  author = {Е.А.~Юлюгин and Г.С.~Речистов and А.Л.~Плоткин},
  title = {Моделирование нагрузки на сетевое оборудование. Изучение влияния
    топологии сети на производительность приложений молекулярной динамики},
  pages = {48--51},
  journal = {Информационные технологии},
  publisher = {Новые технологии},
  number = {12},
  year = {2013},
  issn = {1684-6400},
  language = {russian},
}

@book{sim-lectures-2nd-ed,
  author = {Г.С. Речистов and Е.А. Юлюгин and А.А. Иванов and П.Л. Шишпор
    and Н.Н. Щелкунов and Д.А. Гаврилов},
  title = {Основы программного моделирования ЭВМ: Учебное пособие},
  edition = {2-е изд., испр. и доп.},
  city = {До\-л\-го\-п\-ру\-д\-ный},
  publisher = {Издательство МФТИ},
  year = 2013,
  numpages = 222,
  isbn = {978-5-7417-0444-8},
  language = {russian},
}

@book{simlabs2013,
  title = {Лабораторный практикум по программному моделированию},
  author = {Е.А. Юлюгин and Г.С. Речистов and Н.Н. Щелкунов and Д.А. Гаврилов},
  city = {Москва},
  publisher = {МФТИ},
  year= 2013,
  numpages = {55},
  language = {russian},
}

@inproceedings{56conf-decoder,
  author = {Е.А.~Юлюгин and Г.С.~Речистов},
  booktitle = {Труды 56-й научной конференции МФТИ <<Актуальные проблемы
    фундаментальных и прикладных наук в современном информационном обществе>>,
    Всероссийской молодежной научно-инновационной конференции
    <<Физико-математические науки: актуальные проблемы и их решения>>.
    Радиотехника и кибернетика},
  city = {Москва--До\-л\-го\-п\-ру\-д\-ный--Жу\-ков\-ский},
  isbn = {978-5-7417-0492-9},
  journal = {Труды 56-й научной конференции МФТИ <<Актуальные проблемы
    фундаментальных и прикладных наук в современном информационном обществе>>,
    Всероссийской молодежной научно-инновационной конференции
    <<Физико-математические науки: актуальные проблемы и их решения>>.
    Радиотехника и кибернетика},
  location = {Москва--До\-л\-го\-п\-ру\-д\-ный--Жу\-ков\-ский},
  pages = {76--78},
  title = {О задаче декодирования машинных инструкций в функциональном
    симуляторе},
  year = {2013},
  language = {russian},
}

@article{appliedinformatics-tsx,
  author = {Е.А.~Юлюгин and Г.С.~Речистов},
  title = {Моделирование инструкций поддержки транзакционной памяти в
    современных центральных процессорах},
  pages = {16--24},
  city = {Москва},
  number = {5(53)},
  journal = {Прикладная Информатика},
  publisher = {НОУ ВПО <<МФПУ <<Синергия>>},
  year = {2014},
  numpages = {9},
  issn = {1993-8314},
  language = {russian},
}

@inproceedings{conf57-avx,
  author = {Е.А.~Юлюгин},
  booktitle = {Труды 57-й научной конференции МФТИ с международным участием,
    посвященной 120-летию со дня рождения П.Л.~Капицы. Радиотехника и
    кибернетика},
  city = {Москва--До\-л\-го\-п\-ру\-д\-ный--Жу\-ков\-ский},
  isbn = {978-5-7417-0544-5},
  journal = {Труды 57-й научной конференции МФТИ с международным участием,
    посвященной 120-летию со дня рождения П.Л.~Капицы. Радиотехника и
    кибернетика},
  location = {Москва--До\-л\-го\-п\-ру\-д\-ный--Жу\-ков\-ский},
  pages = {30--32},
  title = {Технология прямого исполнения векторных инструкций архитектуры
    {IA-32}},
  year = {2014},
  language = {russian},
}

@inproceedings{conf57-lzcnt,
  author = {Е.А.~Юлюгин},
  booktitle = {Труды 57-й научной конференции МФТИ с международным участием,
    посвященной 120-летию со дня рождения П.Л.~Капицы. Радиотехника и
    кибернетика},
  city = {Москва--До\-л\-го\-п\-ру\-д\-ный--Жу\-ков\-ский},
  isbn = {978-5-7417-0544-5},
  journal = {Труды 57-й научной конференции МФТИ с международным участием,
    посвященной 120-летию со дня рождения П.Л.~Капицы. Радиотехника и
    кибернетика},
  location = {Москва--До\-л\-го\-п\-ру\-д\-ный--Жу\-ков\-ский},
  pages = {29--30},
  title = {Обеспечение корректной виртуализации современных инструкций
    архитектуры {IA-32}},
  year = {2014},
  language = {russian},
}

@inproceedings{conf58-rdtsc,
  author = {В.В.~Конычев and Е.А.~Юлюгин and Г.С.~Речистов},
  title = {Оптимизация сценариев программного моделирования, использующих
    команду чтения времени RDTSC},
  booktitle = {Труды 58-й научной конференции МФТИ <<Актуальные проблемы
    фундаментальных и прикладных наук в современном информационном обществе>>},
  city = {Москва--До\-л\-го\-п\-ру\-д\-ный--Жу\-ков\-ский},
  location = {Москва--До\-л\-го\-п\-ру\-д\-ный--Жу\-ков\-ский},
  year = {2015},
  language = {russian},
}

@inproceedings{conf58-vmp-avoid,
  author = {А.А.~Кравцов and Г.С.~Речистов and Е.А.~Юлюгин},
  title = {Увеличение производительности режима прямого исполнения в
    программном симуляторе},
  booktitle = {Труды 58-й научной конференции МФТИ <<Актуальные проблемы
    фундаментальных и прикладных наук в современном информационном обществе>>},
  city = {Москва--До\-л\-го\-п\-ру\-д\-ный--Жу\-ков\-ский},
  location = {Москва--До\-л\-го\-п\-ру\-д\-ный--Жу\-ков\-ский},
  year = {2015},
  language = {russian},
}

@inproceedings{conf60-svmcs,
  author = {Е.А.~Юлюгин and Г.С.~Речистов},
  title = {Использование технологии аппаратной поддержки вложенной
    виртуализации для ускорения сценариев моделирования гипервизоров},
  booktitle = {Труды 60-й Всероссийской научной конференции МФТИ. Радиотехника
    компьютерные технологии},
  city = {Москва--До\-л\-го\-п\-ру\-д\-ный--Жу\-ков\-ский},
  isbn = {978-5-7417-0648-0},
  pages = {13--15},
  location = {Москва--До\-л\-го\-п\-ру\-д\-ный--Жу\-ков\-ский},
  year = {2017},
  language = {russian},
}

@inproceedings{en-t-rdtsc,
  author = {E.A.~Yulyugin},
  title = {Direct execution technique aimed to improve performance of software
    simulation workloads frequently accessing time stamp counter},
  booktitle = {IV International Conference <<Engineering \& Telecommunication
    -- En\&T 2017>>. Book of Abstracts},
  city = {Moscow},
  isbn = {978-5-7417-0638-1},
  pages = {208--210},
  location = {Moscow},
  year = {2017},
  language = {english},
}

@inproceedings{en-t-cet,
  author = {E.A.~Yulyugin},
  title = {Accelerating Simulation of Future Processors with Compiler and
    Microcode Assist},
  booktitle = {2017 IVth International Conference on Engineering and
    Telecommunication (EnT)},
  city = {Moscow},
  year = {2017},
  isbn = {978-1-5386-4547-5},
  pages = {111-113},
  language = {english},
}

@article{mipt-proceedings-direct-rdtsc,
  author = {Е.А.~Юлюгин},
  title = {Реализация технологии прямого исполнения обращений к счетчику TSC в
    программном симуляторе},
  pages = {215--223},
  city = {До\-л\-го\-п\-ру\-д\-ный},
  number = {4(36)},
  journal = {Труды МФТИ},
  volume = {9},
  year = {2017},
  language = {russian},
}

@inproceedings{dvcon-lzcnt,
  author = {Evgeny~Yulyugin},
  title = {Same bits, different meaning --- when direct execution based
    simulation becomes complicated},
  year = {2018},
  language = {english},
  booktitle = {Design and Verification Conference (DVCon) Europe 2018},
  numpages = {7},
}

@article{it-lzcnt,
  author = {Е.А.~Юлюгин},
  title = {Корректное и быстрое исполнение отдельных инструкций архитектуры
    Intel® 64 в виртуальном окружении},
  journal = {Информационные технологии},
  publisher = {Новые технологии},
  number = {3},
  volume = {25},
  pages = {157--164},
  year = {2019},
  issn = {1684-6400},
  language = {russian},
}
