@inproceedings{Menard:SystemC-gem5:2017,
  author    = {Menard, Christian and Castrillon, Jeronimo and Jung, Matthias and Wehn, Norbert},
  title     = {System Simulation With gem5 And SystemC: The Keystone For Full Interoperability},
  year      = {2017},
  booktitle = {2017 International Conference on Embedded Computer Systems: Architectures, Modeling, and Simulation (SAMOS)},
  doi       = {10.1109/SAMOS.2017.8344612},
  number    = {},
  pages     = {62-69},
  volume    = {},
}
