@inproceedings{Dahl:VP-Sanitizer:2018,
  author       = {Dahl, Ola and Eriksson, Mikael and Sinha, Udayan Prabir and Haver√•s, Daniel },
  title        = {Intelligent Virtual Platforms},
  year         = {2018},
  booktitle    = {DCcon 2018},
  organization = {Ericsson AB},
}
