@inproceedings{Devlin:Bert:2019,
  author    = {Devlin, Jacob  and
               Chang, Ming-Wei  and
               Lee, Kenton  and
               Toutanova, Kristina},
  title     = {{BERT}: Pre-training of Deep Bidirectional Transformers for Language Understanding},
  year      = {2019},
  booktitle = {Proceedings of the 2019 Conference of the North {A}merican Chapter of the Association for Computational Linguistics: Human Language Technologies, Volume 1 (Long and Short Papers)},
  address   = {Minneapolis, Minnesota},
  doi       = {10.18653/v1/N19-1423},
  editor    = {Burstein, Jill  and
               Doran, Christy  and
               Solorio, Thamar},
  month     = jun,
  pages     = {4171--4186},
  publisher = {Association for Computational Linguistics},
  url       = {https://aclanthology.org/N19-1423},
}
