@article{Yuanzhong:Cross-Replica-Sharding:2020,
  author        = {{Xu}, Yuanzhong and {Lee}, HyoukJoong and {Chen}, Dehao and {Choi}, Hongjun and {Hechtman}, Blake and {Wang}, Shibo},
  title         = {{Automatic Cross-Replica Sharding of Weight Update in Data-Parallel Training}},
  year          = 2020,
  journal       = {arXiv e-prints},
  adsnote       = {Provided by the SAO/NASA Astrophysics Data System},
  adsurl        = {https://ui.adsabs.harvard.edu/abs/2020arXiv200413336X},
  archiveprefix = {arXiv},
  eid           = {arXiv:2004.13336},
  eprint        = {2004.13336},
  keywords      = {Computer Science - Distributed, Parallel, and Cluster Computing, Computer Science - Machine Learning, Statistics - Machine Learning},
  month         = {04},
  pages         = {arXiv:2004.13336},
  primaryclass  = {cs.DC},
}
