@inproceedings{Rashidi:AstraSim:2020,
  author    = {Rashidi, Saeed and Sridharan, Srinivas and Srinivasan, Sudarshan and Krishna, Tushar},
  title     = {ASTRA-SIM: Enabling SW/HW Co-Design Exploration for Distributed DL Training Platforms},
  year      = {2020},
  booktitle = {2020 IEEE International Symposium on Performance Analysis of Systems and Software (ISPASS)},
  doi       = {10.1109/ISPASS48437.2020.00018},
  number    = {},
  pages     = {81-92},
  volume    = {},
}

@misc{Won:ASTRA-sim2.0:2023,
  author        = {William Won and Taekyung Heo and Saeed Rashidi and Srinivas Sridharan and Sudarshan Srinivasan and Tushar Krishna},
  title         = {ASTRA-sim2.0: Modeling Hierarchical Networks and Disaggregated Systems for Large-model Training at Scale},
  year          = {2023},
  archiveprefix = {arXiv},
  eprint        = {2303.14006},
  primaryclass  = {cs.DC},
}
