@article{Gwennap:ARM-Neoverse:2019,
  author  = {Gwennap, Linley},
  title   = {ARM Servers Up Neoverse N1 (MPR 2019)},
  year    = {2019},
  journal = {Microprocessor Report},
  month   = {2},
}
