@article{Eyre:DSP-Derby:2001,
  author  = {Eyre, J.},
  title   = {The digital signal processor Derby},
  year    = {2001},
  journal = {IEEE Spectrum},
  doi     = {10.1109/6.925269},
  number  = {6},
  pages   = {62-68},
  volume  = {38},
}
