@article{Wheeler:WD-RISC-V:2019,
  author  = {Wheeler, Bob},
  title   = {WD Rolls its Own RISC-V Core},
  year    = {2019},
  journal = {Microprocessor Report},
  month   = {2},
}
