@inproceedings{Charles:TruboBoostEvaluation:2009,
  author    = {Charles, James and Jassi, Preet and Ananth, Narayan S and Sadat, Abbas and Fedorova, Alexandra},
  title     = {Evaluation of the Intel® Core™ i7 Turbo Boost feature},
  year      = {2009},
  booktitle = {2009 IEEE International Symposium on Workload Characterization (IISWC)},
  doi       = {10.1109/IISWC.2009.5306782},
  number    = {},
  pages     = {188-197},
  volume    = {},
}
