@article{Delmer:Mobileye:2019,
  author  = {Demler, Mike},
  title   = {Mobileye Expands Into Robotaxis},
  journal = {Microprocessor Report},
  month   = {12},
  yeasr   = {2019},
}
