@article{Altman:BT-Future:2001,
  author  = {Altman, E.R. and Ebcioglu, K. and Gschwind, M. and Sathaye, S.},
  title   = {Advances and future challenges in binary translation and optimization},
  year    = {2001},
  journal = {Proceedings of the IEEE},
  doi     = {10.1109/5.964447},
  number  = {11},
  pages   = {1710-1722},
  volume  = {89},
}
