@inproceedings{Rashidi:AstraSim:2020,
  author    = {Rashidi, Saeed and Sridharan, Srinivas and Srinivasan, Sudarshan and Krishna, Tushar},
  title     = {ASTRA-SIM: Enabling SW/HW Co-Design Exploration for Distributed DL Training Platforms},
  year      = {2020},
  booktitle = {2020 IEEE International Symposium on Performance Analysis of Systems and Software (ISPASS)},
  doi       = {10.1109/ISPASS48437.2020.00018},
  number    = {},
  pages     = {81-92},
  volume    = {},
}

@article{Thakur:MPIOptimization:2005,
  author  = {Rajeev Thakur and Rolf Rabenseifner and William Gropp},
  title   = {Optimization of Collective Communication Operations in MPICH},
  year    = {2005},
  journal = {The International Journal of High Performance Computing Applications},
  pages   = {49-66},
  volume  = {19},
}
