@article{Parnas:Fake-It:1986,
  author  = {Parnas, David Lorge and Clements, Paul C.},
  title   = {A rational design process: How and why to fake it},
  year    = {1986},
  journal = {IEEE Transactions on Software Engineering},
  doi     = {10.1109/TSE.1986.6312940},
  number  = {2},
  pages   = {251-257},
  volume  = {SE-12},
}
