@phdthesis{Engblom:WCET:2002,
  author = {Engblom, Jakob},
  title  = {Processor Pipelines and Static Worst-Case Execution Time Analysis},
  year   = 2002,
  school = {Uppsala University, Sweden},
}
