@article{Colwell:Rock-N-Roll:2002,
  author  = {Colwell, B.},
  title   = {On computers and rock 'n' roll},
  year    = {2002},
  journal = {Computer},
  doi     = {10.1109/MC.2002.982907},
  number  = {2},
  pages   = {9-11},
  volume  = {35},
}
