@inproceedings{Fung:DynamicWrapGPUControlFlow:2007,
  author    = {Fung, Wilson W.L. and Sham, Ivan and Yuan, George and Aamodt, Tor M.},
  title     = {Dynamic Warp Formation and Scheduling for Efficient GPU Control Flow},
  year      = {2007},
  booktitle = {40th Annual IEEE/ACM International Symposium on Microarchitecture (MICRO 2007)},
  doi       = {10.1109/MICRO.2007.30},
  number    = {},
  pages     = {407-420},
  volume    = {},
}

@inproceedings{Yilmazer:ScalarWaving:2014,
  author    = {Yilmazer, Ayse and Chen, Zhongliang and Kaeli, David},
  title     = {Scalar Waving: Improving the Efficiency of SIMD Execution on GPUs},
  year      = {2014},
  booktitle = {2014 IEEE 28th International Parallel and Distributed Processing Symposium},
  doi       = {10.1109/IPDPS.2014.22},
  number    = {},
  pages     = {103-112},
  volume    = {},
}
