@article{Thakur:MPIOptimization:2005,
  author  = {Rajeev Thakur and Rolf Rabenseifner and William Gropp},
  title   = {Optimization of Collective Communication Operations in MPICH},
  year    = {2005},
  journal = {The International Journal of High Performance Computing Applications},
  pages   = {49-66},
  volume  = {19},
}
