@article{Williams:Roofline:2009,
  author     = {Williams, Samuel and Waterman, Andrew and Patterson, David},
  title      = {Roofline: An Insightful Visual Performance Model for Multicore Architectures},
  year       = {2009},
  journal    = {Commun. ACM},
  abstract   = {The Roofline model offers insight on how to improve the performance of software and hardware.},
  address    = {New York, NY, USA},
  doi        = {10.1145/1498765.1498785},
  issn       = {0001-0782},
  issue_date = {April 2009},
  month      = {4},
  number     = {4},
  numpages   = {12},
  pages      = {65-76},
  publisher  = {Association for Computing Machinery},
  url        = {https://doi.org/10.1145/1498765.1498785},
  volume     = {52},
}
