@article{Parnas:Fake-It:1986,
  author  = {Parnas, David Lorge and Clements, Paul C.},
  title   = {A rational design process: How and why to fake it},
  year    = {1986},
  journal = {IEEE Transactions on Software Engineering},
  doi     = {10.1109/TSE.1986.6312940},
  number  = {2},
  pages   = {251-257},
  volume  = {SE-12},
}

@article{Horner:Error-Rates:2019,
  author  = {Horner, Jack and Symons, John},
  title   = {Understanding Error Rates in Software Engineering: Conceptual, Empirical, and Experimental Approaches},
  journal = {Philosophy \& Technology},
  year    = {2019},
  month   = {06},
  pages   = {},
  volume  = {32},
  doi     = {10.1007/s13347-019-00342-1},
}
