@article{Distefano:StaticAnalysisFB:2019,
  author     = {Distefano, Dino and F\"{a}hndrich, Manuel and Logozzo, Francesco and O'Hearn, Peter W.},
  title      = {Scaling Static Analyses at Facebook},
  year       = {2019},
  journal    = {Commun. ACM},
  abstract   = {Key lessons for designing static analyses tools deployed to find bugs in hundreds of millions of lines of code.},
  address    = {New York, NY, USA},
  doi        = {10.1145/3338112},
  issn       = {0001-0782},
  issue_date = {August 2019},
  month      = {jul},
  number     = {8},
  numpages   = {9},
  pages      = {62â€“70},
  publisher  = {Association for Computing Machinery},
  url        = {https://doi.org/10.1145/3338112},
  volume     = {62},
}
